@misc{courseslides,
    author = "Marcello Pogliani",
    title = "Breaking Bad Webapps",
    note  = {\url{https://beep.metid.polimi.it/documents/167494160/918cd7a7-b82f-4aed-aee0-694a20edaebc}}
}
